@book{Ashby1956,
address = {London},
author = {Ashby, W. R.},
publisher = {Chapman {\&} Hall},
title = {{An Introduction to Cybernetics}},
year = {1956}
}
                  
@book{Bellman1961,
abstract = {The Description for this book, Adaptive Control Processes: A Guided Tour, will be forthcoming.},
author = {Bellman, Richard Ernest},
publisher = {Princeton University Press},
title = {{Adaptive Control Processes: A Guided Tour}},
year = {1961}
}
                  
@article{Booker1989,
author = {Booker, L.B. and Goldberg, D.E. and Holland, J.H.},
journal = {Artificial Intelligence},
number = {1-3},
pages = {235--282},
title = {{Classifier systems and genetic algorithms}},
volume = {40},
year = {1989}
}
                  
@article{Christiansen1998,
author = {Christiansen, Freddy Bugge and Feldman, Marcus W.},
journal = {Complexity},
number = {3},
pages = {57--64},
title = {{Algorithms, genetics, and populations: The schemata theorem revisited}},
volume = {3},
year = {1998}
}
                  
@book{Dennett1984,
author = {Dennett, Daniel C.},
publisher = {MIT Press},
title = {{Elbow Room: The Varieties of Free Will Worth Wanting}},
year = {1984}
}
                  
@book{Eddington1927,
address = {Cambridge, UK},
author = {Eddington, Arthur},
publisher = {Cambridge University Press},
title = {{The Nature of the Physical World: Gifford Lectures, 1927}}, 
year = {1927}                  
}
                  
@book{Fisher1930,
author = {Fisher, R. A.},
pages = {318},
publisher = {Oxford University Press},
title = {{The Genetical Theory of Natural Selection: A Complete Variorum Edition}},
year = {1930}
}
                  
@phdthesis{Goldberg1983,
author = {Goldberg, D.E.},
title = {{Computer-aided gas pipeline operation using genetic algorithms and rule learning}},
school = {University of Michigan},
address = {Ann Arbor, MI}, 
year = {1983}
}

@article{Holland1986,
author = {Holland, J. H.},
journal = {Machine Learning},
pages = {593--623},
title = {{Escaping brittleness: {\{}T{\}}he possibilities of general purpose learning algorithms applied to parallel rule-based systems}},
volume = {2},
year = {1986}
}
                  
@article{Holland1992,
author = {Holland, John H},
journal = {Scientific American},
number = {1},
pages = {44--50},
title = {{Genetic Algorithms}},
volume = {267},
year = {1992}
}
                  
@book{Holland1975,
author = {Holland, John H.},
publisher = {University of Michigan Press},
title = {{Adaptation in Natural and Artificial Systems: An Introductory Analysis with Applications to Biology, Control, and Artificial Intelligence}},
year = {1975}
}
                  
@book{Holland1989,
author = {Holland, John H.},
pages = {398},
publisher = {MIT Press},
title = {{Induction: Processes of Inference, Learning, and Discovery}},
year = {1989}
}
                  
@article{Holland1973,
author = {Holland, John H.},
journal = {SIAM Journal on Computing},
volume = {2},                  
number = {2},
pages = {88--105},
publisher = {Society for Industrial and Applied Mathematics},
title = {{Genetic Algorithms and the Optimal Allocation of Trials}},
year = {1973}
}
                  
@article{Holland1962,
author = {Holland, John H.},
journal = {Journal of the ACM},
number = {3},
pages = {297--314},
publisher = {ACM},
title = {{Outline for a Logical Theory of Adaptive Systems}},
volume = {9},
year = {1962}
}
                  
@article{Holland1977,
author = {Holland, John H. and Reitman, Judith S.},
journal = {ACM SIGART Bulletin},
volume = {63},
pages = {49},
publisher = {ACM},
title = {{Cognitive systems based on adaptive algorithms}},
year = {1977}
}
                  
@article{Palmer1994,
author = {Palmer, R.G. and {Brian Arthur}, W. and Holland, John H. and LeBaron, Blake and Tayler, Paul},
journal = {Physica D: Nonlinear Phenomena},
number = {1-3},
pages = {264--274},
title = {{Artificial economic life: a simple model of a stockmarket}},
volume = {75},
year = {1994}
}
                  
@article{Rochester1956,
author = {Rochester, N. and Holland, J. and Haibt, L. and Duda, W.},
journal = {IEEE Transactions on Information Theory},
keywords = {Assembly,Brain,Brain modeling,Computational modeling,Electronic equipment testing,Fractionation,Laboratories,Neural networks,Neurons,Neurophysiology,Organisms,Psychology},
number = {3},
pages = {80--93},
shorttitle = {Information Theory, IRE Transactions on},
title = {{Tests on a cell assembly theory of the action of the brain, using a large digital computer}},
volume = {2},
year = {1956}
}
                  
@article{Samuel1959,
author = {Samuel, A. L.},
journal = {IBM Journal of Research and Development},
number = {3},
pages = {210--229},
publisher = {IBM},
title = {{Some Studies in Machine Learning Using the Game of Checkers}},
volume = {3},
year = {1959}
}
                  
@book{Shiflet2014,
author = {Shiflet, Angela B. and Shiflet, George W.},
pages = {856},
publisher = {Princeton University Press},
title = {{Introduction to Computational Science: Modeling and Simulation for the Sciences}},
year = {2014}
}
                  
@phdthesis{Smith1980,
author = {Smith, Stephen Frederick},
school = {University of Pittsburgh},
address = {Pittsburgh, PA},
title = {{A learning system based on genetic adaptive algorithms}},
year = {1980}
}
                  
@book{Waldrop1993,
author = {Waldrop, Mitchell M.},
publisher = {Simon and Schuster},
title = {{Complexity: The Emerging Science at the Edge of Order and Chaos}},
volume = {8},
year = {1993}
}
                  
@book{Ziegler1976,
address = {New York},
author = {Ziegler, Bernard},
publisher = {Wiley Interscience},
title = {{Theory of Modeling and Simulation}},
year = {1976}
}
